<?xml version="1.0" encoding="UTF-8"?><collection xmlns="http://www.loc.gov/MARC21/slim"><record><leader>00560nam--2200181-i-4500</leader><controlfield tag="001">000043462</controlfield><controlfield tag="002">20161230</controlfield><controlfield tag="005">20161230201044</controlfield><controlfield tag="008">060222s1000------------r-----000-0-fre-d</controlfield><datafield ind1=" " ind2=" " tag="040"><subfield code="a">IFIN-HH</subfield></datafield><datafield ind1=" " ind2=" " tag="041"><subfield code="a">fre</subfield></datafield><datafield ind1=" " ind2=" " tag="080"><subfield code="a">535.42/439043)</subfield></datafield><datafield ind1="1" ind2=" " tag="100"><subfield code="a">Tabbara,Walid</subfield></datafield><datafield ind1="1" ind2="0" tag="245"><subfield code="a">Etude de problemes de diffraction inverse electromagnetique par analyse multifrequentielle de champs diffractes</subfield><subfield code="b">These</subfield><subfield code="c">Walid tabbara</subfield></datafield><datafield ind1=" " ind2=" " tag="260"><subfield code="a">Paris</subfield><subfield code="b">Universite Pierre Et Marie Curie</subfield><subfield code="c">1976</subfield></datafield><datafield ind1=" " ind2=" " tag="300"><subfield code="a">95 P. + 79 P</subfield></datafield><datafield ind1=" " ind2=" " tag="852"><subfield code="a">44945</subfield><subfield code="c">535</subfield></datafield><datafield ind1=" " ind2=" " tag="CAT"><subfield code="a">Sys</subfield><subfield code="c">20110125</subfield><subfield code="h">135959</subfield></datafield></record></collection>